<record xmlns="http://www.loc.gov/MARC21/slim" xmlns:xsi="http://www.w3.org/2001/XMLSchema-instance" xsi:schemaLocation="http://www.loc.gov/MARC21/slim http://www.loc.gov/standards/marcxml/schema/MARC21slim.xsd"><leader>     nam a22        4500</leader><controlfield tag="001">001683125</controlfield><controlfield tag="003">NNU</controlfield><controlfield tag="006">m        d        </controlfield><controlfield tag="007">cr cn |||m|||a</controlfield><controlfield tag="008">150313s1968    iq cf   ob    000 0barard</controlfield><datafield ind1=" " ind2=" " tag="040"><subfield code="a">NNU</subfield><subfield code="b">eng</subfield><subfield code="c">NNU</subfield></datafield><datafield ind1="0" ind2="0" tag="050"><subfield code="a">PJ7860.A34</subfield><subfield code="b">Z59</subfield></datafield><datafield ind1="1" ind2=" " tag="100"><subfield code="a">Badr&#299;, Mu&#7779;&#7789;af&#225; Nu&#699;m&#257;n,</subfield><subfield code="d">1934-</subfield></datafield><datafield ind1="1" ind2="3" tag="245"><subfield code="a">al-Im&#257;m Mu&#7779;&#7789;af&#225; &#7778;&#257;diq al-R&#257;fi&#699;&#299;</subfield><subfield code="h">[electronic resource] /</subfield><subfield code="c">Mu&#7779;&#7789;af&#225; Nu&#699;m&#257;n &#7716;usayn al-Badr&#299; ; [qaddama la-hu Mu&#7717;ammad Bahjah al-Athar&#299;].</subfield></datafield><datafield ind1=" " ind2=" " tag="260"><subfield code="a">[Baghdad] :</subfield><subfield code="b">S&#257;&#699;adat J&#257;mi&#699;at Baghd&#257;d &#699;al&#225; &#7789;ab&#699;ih :</subfield><subfield code="b">Ma&#7789;ba&#699;at D&#257;r al-Ba&#7779;r&#299;,</subfield><subfield code="c">[1968]</subfield></datafield><datafield ind1=" " ind2=" " tag="300"><subfield code="a">online resource (12, 488 p., [2] leaves of plates) :</subfield><subfield code="b">ports.</subfield></datafield><datafield ind1=" " ind2=" " tag="500"><subfield code="a">Title on p. [4] of cover: Mustafa Sadiq al-Rafi&#699;i, his age, his biography, and his writtings [sic].</subfield></datafield><datafield ind1=" " ind2=" " tag="500"><subfield code="a">Part of the Arabic Collections Online (ACO) project, contributed by New York Univeristy Libraries.</subfield></datafield><datafield ind1=" " ind2=" " tag="504"><subfield code="a">Includes bibliographical references (p. 479-486).</subfield></datafield><datafield ind1=" " ind2=" " tag="533"><subfield code="a">Electronic reproduction.</subfield><subfield code="b">New York, N.Y. :</subfield><subfield code="c">New York University,</subfield><subfield code="d">2015.</subfield><subfield code="5">NNU</subfield></datafield><datafield ind1="1" ind2="0" tag="600"><subfield code="a">R&#257;fi&#699;&#299;, Mu&#7779;&#7789;af&#225; &#7778;&#257;diq,</subfield><subfield code="d">d. 1937.</subfield></datafield><datafield ind1="2" ind2=" " tag="710"><subfield code="a">New York University.</subfield><subfield code="b">Libraries.</subfield></datafield><datafield ind1="0" ind2=" " tag="730"><subfield code="a">Arabic Collections Online.</subfield></datafield><datafield ind1="0" ind2=" " tag="740"><subfield code="a">Mustafa Sadiq al-Rafi&#699;i, his age, his biography, and his writings.</subfield></datafield><datafield ind1="0" ind2="8" tag="776"><subfield code="i">Print version:</subfield><subfield code="a">Badr&#299;, Mu&#7779;&#7789;af&#225; Nu&#699;m&#257;n, 1934-</subfield><subfield code="t">al-Im&#257;m Mu&#7779;&#7789;af&#225; &#7778;&#257;diq al-R&#257;fi&#699;&#299;</subfield><subfield code="w">(NNU)001683125</subfield><subfield code="w">(DLC)72238030 /NE</subfield></datafield><datafield ind1="4" ind2="0" tag="856"><subfield code="u">http://hdl.handle.net/2333.1/sn02v99q</subfield></datafield><datafield ind1=" " ind2=" " tag="959"><subfield code="a">NNU</subfield><subfield code="b">WEB</subfield><subfield code="c">GENI</subfield><subfield code="t">0</subfield><subfield code="m">Electronic access</subfield><subfield code="s">01</subfield></datafield><datafield ind1=" " ind2=" " tag="999"><subfield code="i">NNU_001683125</subfield><subfield code="s">nyu_aco000551</subfield><subfield code="e">(ERROR-880)</subfield></datafield></record>